@Article{s19030585,
AUTHOR = {Thoen, Bart and Callebaut, Gilles and Leenders, Guus and Wielandt, Stijn},
TITLE = {{A Deployable LPWAN Platform for Low-Cost and Energy-Constrained IoT Applications}},
JOURNAL = {Sensors},
VOLUME = {19},
YEAR = {2019},
NUMBER = {3},
ARTICLE-NUMBER = {585},
URL = {https://www.mdpi.com/1424-8220/19/3/585},
ISSN = {1424-8220},
DOI = {10.3390/s19030585}
}

@inproceedings{CallebautGilles2019ByoS,
journal = {2019 IEEE Sensors Applications Symposium (SAS)},
publisher = {IEEE},
isbn = {9781538677131},
year = {2019},
title = {{Bring your own Sensor: Use your Android Smartphone as a Sensing Platform}},
language = {eng},
author = {Callebaut, Gilles and Ottoy, Geoffrey and De Strycker, Lieven},
keywords = {Science & Technology}
}

